@online{go:helloworld_playground,
  author   = {Golang},
  title    = {The Go Playground},
  url      = {https://play.golang.org/p/NeGuDahW2yP},
  urldate  = {2021-06-20},
}